<record><leader>00000cas a22000007a 4500</leader><controlfield tag="001">21682917</controlfield><controlfield tag="008">900604d18971904mouwr ne      0    0eng d</controlfield><datafield ind1=" " ind2=" " tag="010"><subfield code="a">sn 90061755 </subfield></datafield><datafield ind1=" " ind2=" " tag="040"><subfield code="a">MQN</subfield><subfield code="b">eng</subfield><subfield code="c">MQN</subfield><subfield code="d">OCLCQ</subfield></datafield><datafield ind1=" " ind2=" " tag="042"><subfield code="a">msc</subfield></datafield><datafield ind1="0" ind2=" " tag="130"><subfield code="a">Unionville pantagraph (Unionville, Mo. : Weekly)</subfield></datafield><datafield ind1="1" ind2="0" tag="245"><subfield code="a">Unionville pantagraph.</subfield></datafield><datafield ind1=" " ind2=" " tag="260"><subfield code="a">Unionville, Mo. :</subfield><subfield code="b">G.N. Stille,</subfield><subfield code="c">-1904.</subfield></datafield><datafield ind1=" " ind2=" " tag="300"><subfield code="a">v.</subfield></datafield><datafield ind1=" " ind2=" " tag="310"><subfield code="a">Weekly,</subfield><subfield code="b">Nov. 3, 1899-Dec. 29, 1904</subfield></datafield><datafield ind1=" " ind2=" " tag="321"><subfield code="a">Semiweekly,</subfield><subfield code="b">&lt;Jan. 1, 1898&gt;-Oct. 31, 1899</subfield></datafield><datafield ind1="1" ind2=" " tag="362"><subfield code="a">Began in 1897?</subfield></datafield><datafield ind1="0" ind2=" " tag="362"><subfield code="a">-v. 7, no. 52 (Dec. 29, 1904).</subfield></datafield><datafield ind1=" " ind2=" " tag="580"><subfield code="a">Daily eds.: Unionville pantagraph (Unionville, Mo. : Daily), Dec. 22-Dec. 31, 1897; Unionville daily pantagraph, Jan. 3-Jan. 6, 1898.</subfield></datafield><datafield ind1=" " ind2=" " tag="588"><subfield code="a">Description based on: Vol. 1, no. 4 (Jan. 1, 1898).</subfield></datafield><datafield ind1=" " ind2=" " tag="752"><subfield code="a">United States</subfield><subfield code="b">Missouri</subfield><subfield code="c">Putnam</subfield><subfield code="d">Unionville.</subfield></datafield><datafield ind1="1" ind2=" " tag="775"><subfield code="t">Unionville pantagraph (Unionville, Mo. : Daily)</subfield><subfield code="w">(DLC)sn 90061742</subfield></datafield><datafield ind1="1" ind2=" " tag="775"><subfield code="t">Unionville daily pantagraph</subfield><subfield code="w">(DLC)sn 90061754</subfield></datafield><datafield ind1="0" ind2="4" tag="785"><subfield code="t">Unionville republican</subfield><subfield code="w">(DLC)sn 90061759</subfield></datafield></record>